<?xml version="1.0" encoding="UTF-8"?><collection xmlns="http://www.loc.gov/MARC21/slim"><record><leader>00470nam--2200181-u-4500</leader><controlfield tag="001">000052193</controlfield><controlfield tag="002">20161230</controlfield><controlfield tag="005">20161230201050</controlfield><controlfield tag="008">100512s1000------------r-----000-0-rus-d</controlfield><datafield ind1=" " ind2=" " tag="040"><subfield code="a">IFIN-HH</subfield></datafield><datafield ind1=" " ind2=" " tag="041"><subfield code="a">rus</subfield></datafield><datafield ind1=" " ind2=" " tag="080"><subfield code="a">519.66</subfield></datafield><datafield ind1="1" ind2=" " tag="100"><subfield code="a">Faddeev, D.K</subfield></datafield><datafield ind1="1" ind2="0" tag="245"><subfield code="a">Tabliti ostonovih unitarih predctavlenii fedorovskih grupp</subfield><subfield code="c">D.K.Faddeev</subfield></datafield><datafield ind1=" " ind2=" " tag="260"><subfield code="a">Moskva</subfield><subfield code="b">Akademii nauk sssr</subfield><subfield code="c">1961</subfield></datafield><datafield ind1=" " ind2=" " tag="300"><subfield code="a">174p</subfield></datafield><datafield ind1=" " ind2=" " tag="852"><subfield code="a">75771</subfield><subfield code="c">518.2</subfield></datafield><datafield ind1=" " ind2=" " tag="CAT"><subfield code="a">Sys</subfield><subfield code="c">20100512</subfield><subfield code="h">122914</subfield></datafield></record></collection>